<record><leader>00000cas a22000007a 4500</leader><controlfield tag="001">15069844</controlfield><controlfield tag="008">870114c19299999txuwr ne      0    0eng d</controlfield><datafield ind1=" " ind2=" " tag="010"><subfield code="a">sn 86090705 </subfield></datafield><datafield ind1=" " ind2=" " tag="040"><subfield code="a">PPM</subfield><subfield code="b">eng</subfield><subfield code="c">PPM</subfield><subfield code="d">OCLCQ</subfield><subfield code="d">FKS</subfield><subfield code="d">OCLCO</subfield><subfield code="d">OCLCF</subfield><subfield code="d">OCLCA</subfield></datafield><datafield ind1=" " ind2=" " tag="042"><subfield code="a">msc</subfield></datafield><datafield ind1="0" ind2="0" tag="245"><subfield code="a">Honey Grove signal-citizen.</subfield></datafield><datafield ind1=" " ind2=" " tag="260"><subfield code="a">Honey Grove, Tex. :</subfield><subfield code="b">[s.n.],</subfield><subfield code="c">1929-</subfield></datafield><datafield ind1=" " ind2=" " tag="310"><subfield code="a">Weekly</subfield></datafield><datafield ind1="0" ind2=" " tag="362"><subfield code="a">Vol. 38, no. 52 (Feb. 1, 1929)-</subfield></datafield><datafield ind1=" " ind2=" " tag="580"><subfield code="a">Formed by the union of: Honey Grove citizen, and: Honey Grove signal.</subfield></datafield><datafield ind1=" " ind2="0" tag="650"><subfield code="a">American newspapers</subfield><subfield code="z">Texas</subfield><subfield code="z">Honey Grove.</subfield></datafield><datafield ind1=" " ind2="0" tag="651"><subfield code="a">Honey Grove (Tex.)</subfield><subfield code="v">Newspapers.</subfield></datafield><datafield ind1=" " ind2="0" tag="651"><subfield code="a">Texas</subfield><subfield code="v">Newspapers.</subfield></datafield><datafield ind1=" " ind2="7" tag="655"><subfield code="a">Newspapers.</subfield><subfield code="2">fast</subfield><subfield code="0">(OCoLC)fst01423814</subfield></datafield><datafield ind1=" " ind2="7" tag="650"><subfield code="a">American newspapers.</subfield><subfield code="2">fast</subfield><subfield code="0">(OCoLC)fst00807293</subfield></datafield><datafield ind1=" " ind2="7" tag="651"><subfield code="a">Texas.</subfield><subfield code="2">fast</subfield><subfield code="0">(OCoLC)fst01210336</subfield></datafield><datafield ind1=" " ind2="7" tag="651"><subfield code="a">Texas</subfield><subfield code="z">Honey Grove.</subfield><subfield code="2">fast</subfield><subfield code="0">(OCoLC)fst01261822</subfield></datafield><datafield ind1=" " ind2=" " tag="752"><subfield code="a">United States</subfield><subfield code="b">Texas</subfield><subfield code="c">Fannin</subfield><subfield code="d">Honey Grove.</subfield></datafield><datafield ind1="1" ind2="4" tag="780"><subfield code="t">Honey Grove citizen</subfield><subfield code="w">(OCoLC)15069750</subfield></datafield><datafield ind1="1" ind2="4" tag="780"><subfield code="t">Honey Grove signal</subfield><subfield code="w">(OCoLC)15069798</subfield></datafield></record>